@inproceedings{Milligan_etal_JCDL2016,
 author = {Milligan, Ian and Ruest, Nick and Lin, Jimmy},
 title = {Content Selection and Curation for Web Archiving: The Gatekeepers vs. The Masses},
 booktitle = {Proceedings of the 16th ACM/IEEE-CS on Joint Conference on Digital Libraries},
 series = {JCDL '16},
 year = {2016},
 isbn = {978-1-4503-4229-2},
 location = {Newark, New Jersey, USA},
 pages = {107--110},
 numpages = {4},
 url = {http://doi.acm.org/10.1145/2910896.2910913},
 doi = {10.1145/2910896.2910913},
 acmid = {2910913},
 publisher = {ACM},
 address = {New York, NY, USA},
 keywords = {collection development, internet archive, subject-matter experts, twitter},
} 

@article{Driscoll_etal_IJC2014,
   author = "Kevin Driscoll and Shawn Walker",
   title = "Working Within a Black Box: Transparency in the Collection and Production of Big Twitter Data",
   journal = "International Journal of Communication",
   volume = "8",
   pages = "1745-1764",
   year = 2014,
}

@misc{summers_twarc_2015,
  author       = {Summers, Ed and
                  van Kemenadem, Hugo and
                  Binkley, Peter and
                  Ruest, Nick and
                  recrm and
                  Costa, Stefano and
                  Phetteplace, Eric and
                  The Gitter Badger and
                  Matienzo, Mx. A and
                  Blakk, Lukas and
                  Chudnov, Dan and
                  Nelson, Chad},
  title        = {twarc},
  year         = {2013--2017},
  url          = {http://github.com/docnow/twarc}
}

@misc{ruest_2016,
  author = "Nick Ruest",
	title = "1,203,867 \#elxn42 images",
  month = mar,
  year = 2016,
  url = {http://ruebot.net/post/1203867-elxn42-images}
}

@misc{twitter_search,
  author = "Twitter",
  title = "The Search API",
  url = {https://dev.twitter.com/rest/public/search},
  urldate = {2017}
} 

@misc{twitter_filter,
  author = "Twitter",
  title = "Public Streams",
  url = {https://dev.twitter.com/streaming/public},
  urldate = {2017}
}
