@inproceedings{Milligan_etal_JCDL2016,
 author = {Milligan, Ian and Ruest, Nick and Lin, Jimmy},
 title = {Content Selection and Curation for Web Archiving: The Gatekeepers vs. The Masses},
 booktitle = {Proceedings of the 16th ACM/IEEE-CS on Joint Conference on Digital Libraries},
 series = {JCDL '16},
 year = {2016},
 isbn = {978-1-4503-4229-2},
 location = {Newark, New Jersey, USA},
 pages = {107--110},
 numpages = {4},
 url = {http://doi.acm.org/10.1145/2910896.2910913},
 doi = {10.1145/2910896.2910913},
 acmid = {2910913},
 publisher = {ACM},
 address = {New York, NY, USA},
 keywords = {collection development, internet archive, subject-matter experts, twitter},
} 

@inproceedings{jackson_etal_2016,
 author = {Jackson, Andrew and Lin, Jimmy and Milligan, Ian and Ruest, Nick},
 title = {Desiderata for Exploratory Search Interfaces to Web Archives in Support of Scholarly Activities},
 booktitle = {Proceedings of the 16th ACM/IEEE-CS on Joint Conference on Digital Libraries},
 series = {JCDL '16},
 year = {2016},
 isbn = {978-1-4503-4229-2},
 location = {Newark, New Jersey, USA},
 pages = {103--106},
 numpages = {4},
 url = {http://doi.acm.org/10.1145/2910896.2910912},
 doi = {10.1145/2910896.2910912},
 acmid = {2910912},
 publisher = {ACM},
 address = {New York, NY, USA},
 keywords = {faceted browsing, metadata, shneiderman's mantra, veracity},
}

@article{lin_etal_2017,
  author = {Lin, Jimmy and Milligan, Ian, and Wiebe, Jeremy and Zhou, Alice},
  title = {Warcbase: Scalable Analytics Infrastructure for Exploring Web Archives},
  journal = {ACM Journal of Computing and Cultural Heritage},
  year = {2017}
}
